@book{AnalisisCircuitos,
    author    = "Allan H. Robbins \& Wilhelm C. Miller",
    title     = "Análisis de circuitos: teoría y práctica",
    year      = "2008",
    publisher = "Cengage",
    edition = "4"
}
@misc{MouserResistorChart,
  title = "Mouser Resistor Chart",
  howpublished = {\url{https://ar.mouser.com/pdfDocs/mouser-resistor-chart.pdf}},
  note = {Accessed: 04/10/21}
}